@book{messiah2014quantum,
  title={Quantum mechanics},
  author={Messiah, Albert},
  year={2014},
  publisher={Courier Corporation}
}

@article{GIUNTI199287,
title = "Coherence of neutrino oscillations in vacuum and matter in the wave packet treatment",
journal = "Physics Letters B",
volume = "274",
number = "1",
pages = "87 - 94",
year = "1992",
issn = "0370-2693",
doi = "https://doi.org/10.1016/0370-2693(92)90308-Q",
url = "http://www.sciencedirect.com/science/article/pii/037026939290308Q",
author = "C. Giunti and C.W. Kim and U.W. Lee",
}

@article{Hansen:2016klk,
    author = "Hansen, Rasmus Sloth Lundkvist and Smirnov, Alexei Yu.",
    title = "{The Liouville equation for flavour evolution of neutrinos and neutrino wave packets}",
    eprint = "1610.00910",
    archivePrefix = "arXiv",
    primaryClass = "hep-ph",
    doi = "10.1088/1475-7516/2016/12/019",
    journal = "JCAP",
    volume = "12",
    pages = "019",
    year = "2016"
}
@article{1571980074879151104,
author="Landau, L. D.",
title="Zur Theorie der Energieubertragung II",
journal="Z. Sowjetunion",
year="1932",
volume="2",
pages="46-51",
URL="https://cir.nii.ac.jp/crid/1571980074879151104"
}

@article{Marciano:1977wx,
    author = "Marciano, W. J. and Sanda, A. I.",
    title = "{Exotic Decays of the Muon and Heavy Leptons in Gauge Theories}",
    reportNumber = "COO-2232B-116",
    doi = "10.1016/0370-2693(77)90377-X",
    journal = "Phys. Lett. B",
    volume = "67",
    pages = "303--305",
    year = "1977"
}

@article{Okun:1986na,
    author = "Okun, L. B. and Voloshin, M. B. and Vysotsky, M. I.",
    title = "{Neutrino Electrodynamics and Possible Effects for Solar Neutrinos}",
    reportNumber = "ITEP-86-82",
    journal = "Sov. Phys. JETP",
    volume = "64",
    pages = "446--452",
    year = "1986"
}

@article{Fujikawa:1980yx,
    author = "Fujikawa, Kazuo and Shrock, Robert",
    title = "{The Magnetic Moment of a Massive Neutrino and Neutrino Spin Rotation}",
    reportNumber = "ITP-SB-80-38",
    doi = "10.1103/PhysRevLett.45.963",
    journal = "Phys. Rev. Lett.",
    volume = "45",
    pages = "963",
    year = "1980"
}

@article{Cisneros:1970nq,
    author = "Cisneros, Arturo",
    title = "{Effect of neutrino magnetic moment on solar neutrino observations}",
    doi = "10.1007/BF00654607",
    journal = "Astrophys. Space Sci.",
    volume = "10",
    pages = "87--92",
    year = "1971"
}

@article{Akhmedov:1988uk,
    author = "Akhmedov, Evgeny K.",
    title = "{Resonant Amplification of Neutrino Spin Rotation in Matter and the Solar Neutrino Problem}",
    doi = "10.1016/0370-2693(88)91048-9",
    journal = "Phys. Lett. B",
    volume = "213",
    pages = "64--68",
    year = "1988"
}

@article{Akhmedov:1987nc,
    author = "Akhmedov, Evgeny K.",
    title = "{Resonance enhancement of the neutrino spin precession in matter and the solar neutrino problem}",
    journal = "Sov. J. Nucl. Phys.",
    volume = "48",
    pages = "382--383",
    year = "1988"
}

@article{Lim:1987tk,
    author = "Lim, Chong-Sa and Marciano, William J.",
    title = "{Resonant Spin - Flavor Precession of Solar and Supernova Neutrinos}",
    reportNumber = "INS-645",
    doi = "10.1103/PhysRevD.37.1368",
    journal = "Phys. Rev. D",
    volume = "37",
    pages = "1368--1373",
    year = "1988"
}

@article{Kuroda:2020pta,
    author = "Kuroda, Takami",
    title = "{Impact of a Magnetic Field on Neutrino\textendash{}Matter Interactions in Core-collapse Supernovae}",
    eprint = "2009.07733",
    archivePrefix = "arXiv",
    primaryClass = "astro-ph.HE",
    doi = "10.3847/1538-4357/abce61",
    journal = "Astrophys. J.",
    volume = "906",
    number = "2",
    pages = "128",
    year = "2021"
}

@article{Bell:2005kz,
    author = "Bell, Nicole F. and Cirigliano, Vincenzo and Ramsey-Musolf, Michael J. and Vogel, Petr and Wise, Mark B.",
    title = "{How magnetic is the Dirac neutrino?}",
    eprint = "hep-ph/0504134",
    archivePrefix = "arXiv",
    reportNumber = "CALT-08-2554, KRL-MAP-307",
    doi = "10.1103/PhysRevLett.95.151802",
    journal = "Phys. Rev. Lett.",
    volume = "95",
    pages = "151802",
    year = "2005"
}

@article{Pal:1981rm,
    author = "Pal, Palash B. and Wolfenstein, Lincoln",
    title = "{Radiative Decays of Massive Neutrinos}",
    reportNumber = "COO-3066-167-REV, COO-3066-167",
    doi = "10.1103/PhysRevD.25.766",
    journal = "Phys. Rev. D",
    volume = "25",
    pages = "766",
    year = "1982"
}


@article{Sasaki:2021bvu,
    author = "Sasaki, Hirokazu and Takiwaki, Tomoya",
    title = "{Neutrino-antineutrino oscillations induced by strong magnetic fields in dense matter}",
    eprint = "2106.02181",
    archivePrefix = "arXiv",
    primaryClass = "hep-ph",
    doi = "10.1103/PhysRevD.104.023018",
    journal = "Phys. Rev. D",
    volume = "104",
    number = "2",
    pages = "023018",
    year = "2021"
}

@article{Kharlanov:2020cti,
    author = "Kharlanov, Oleg G. and Shustov, Pavel I.",
    title = "{Effects of nonstandard neutrino self-interactions and magnetic moment on collective Majorana neutrino oscillations}",
    eprint = "2010.05329",
    archivePrefix = "arXiv",
    primaryClass = "hep-ph",
    doi = "10.1103/PhysRevD.103.095004",
    journal = "Phys. Rev. D",
    volume = "103",
    number = "9",
    pages = "095004",
    year = "2021"
}

@article{Abbar:2020ggq,
    author = "Abbar, Sajad",
    title = "{Collective Oscillations of Majorana Neutrinos in Strong Magnetic Fields and Self-induced Flavor Equilibrium}",
    eprint = "2001.04876",
    archivePrefix = "arXiv",
    primaryClass = "astro-ph.HE",
    doi = "10.1103/PhysRevD.101.103032",
    journal = "Phys. Rev. D",
    volume = "101",
    number = "10",
    pages = "103032",
    year = "2020"
}

@ARTICLE{2011ApJ...743...30T,
       author = {{Takiwaki}, Tomoya and {Kotake}, Kei},
        title = "{Gravitational Wave Signatures of Magnetohydrodynamically Driven Core-collapse Supernova Explosions}",
      journal = {The Astrophysical Journal},
     keywords = {gravitational waves, hydrodynamics, magnetohydrodynamics: MHD, neutrinos, stars: magnetars, supernovae: general, Astrophysics - High Energy Astrophysical Phenomena},
         year = 2011,
        month = dec,
       volume = {743},
       number = {1},
          eid = {30},
        pages = {30},
          doi = {10.1088/0004-637X/743/1/30},
archivePrefix = {arXiv},
       eprint = {1004.2896},
 primaryClass = {astro-ph.HE},
       adsurl = {https://ui.adsabs.harvard.edu/abs/2011ApJ...743...30T},
      adsnote = {Provided by the SAO/NASA Astrophysics Data System}
}


@ARTICLE{1970ApJ...161..541L,
       author = {{LeBlanc}, J.~M. and {Wilson}, J.~R.},
        title = "{A Numerical Example of the Collapse of a Rotating Magnetized Star}",
      journal = {The Astrophysical Journal},
         year = 1970,
        month = aug,
       volume = {161},
        pages = {541},
          doi = {10.1086/150558},
       adsurl = {https://ui.adsabs.harvard.edu/abs/1970ApJ...161..541L},
      adsnote = {Provided by the SAO/NASA Astrophysics Data System}
}


@ARTICLE{1987PhRvL..58.1490H,
       author = {{Hirata}, K. and {Kajita}, T. and {Koshiba}, M. and {Nakahata}, M. and {Oyama}, Y. and {Sato}, N. and {Suzuki}, A. and {Takita}, M. and {Totsuka}, Y. and {Kifune}, T. and {Suda}, T. and {Takahashi}, K. and {Tanimori}, T. and {Miyano}, K. and {Yamada}, M. and {Beier}, E.~W. and {Feldscher}, L.~R. and {Kim}, S.~B. and {Mann}, A.~K. and {Newcomer}, F.~M. and {van}, R. and {Zhang}, W. and {Cortez}, B.~G.},
        title = "{Observation of a neutrino burst from the supernova SN1987A}",
      journal = {Physical Review Letters},
     keywords = {Neutrinos, Stellar Radiation, Supernova 1987a, Cerenkov Radiation, Electron Energy, Magellanic Clouds, Radiation Detectors, Space Radiation, 97.60.Bw, 14.60.Gh, 95.85.Sz, 97.60.Jd, Supernovae, Gravitational radiation magnetic fields and other observations, Neutron stars},
         year = 1987,
        month = apr,
       volume = {58},
       number = {14},
        pages = {1490-1493},
          doi = {10.1103/PhysRevLett.58.1490},
       adsurl = {https://ui.adsabs.harvard.edu/abs/1987PhRvL..58.1490H},
      adsnote = {Provided by the SAO/NASA Astrophysics Data System}
}


@ARTICLE{1987Natur.330..142S,
       author = {{Schaeffer}, R. and {Declais}, Y. and {Jullian}, S.},
        title = "{The neutrino emission of SN1987A}",
      journal = {Nature},
     keywords = {Neutrinos, Neutron Stars, Star Formation, Supernova 1987a, Black Holes (Astronomy), Gravitational Collapse, Particle Interactions, Astrophysics},
         year = 1987,
        month = nov,
       volume = {330},
       number = {6144},
        pages = {142-144},
          doi = {10.1038/330142a0},
       adsurl = {https://ui.adsabs.harvard.edu/abs/1987Natur.330..142S},
      adsnote = {Provided by the SAO/NASA Astrophysics Data System}
}


@article{Ekinci:2021miy,
    author = "Ekinci, B. and Pehlivan, Y. and Patwardhan, Amol V.",
    title = "{Time dependent signatures of core-collapse supernova neutrinos at HALO}",
    eprint = "2101.01797",
    archivePrefix = "arXiv",
    primaryClass = "astro-ph.HE",
    reportNumber = "SLAC-PUB-17582, N3AS-21-002",
    doi = "10.1103/PhysRevD.103.043016",
    journal = "Phys. Rev. D",
    volume = "103",
    number = "4",
    pages = "043016",
    year = "2021"
}

@article{Qian:1996xt,
    author = "Qian, Y. Z. and Woosley, S. E.",
    title = "{Nucleosynthesis in neutrino driven winds: 1. The Physical conditions}",
    eprint = "astro-ph/9611094",
    archivePrefix = "arXiv",
    doi = "10.1086/177973",
    journal = "Astrophys. J.",
    volume = "471",
    pages = "331--351",
    year = "1996"
}

@article{Arnould:2007gh,
    author = "Arnould, M. and Goriely, S. and Takahashi, K.",
    title = "{The r-process of stellar nucleosynthesis: Astrophysics and nuclear physics achievements and mysteries}",
    eprint = "0705.4512",
    archivePrefix = "arXiv",
    primaryClass = "astro-ph",
    doi = "10.1016/j.physrep.2007.06.002",
    journal = "Phys. Rept.",
    volume = "450",
    pages = "97--213",
    year = "2007"
}

@article{Duan:2010bg,
    author = "Duan, Huaiyu and Fuller, George M. and Qian, Yong-Zhong",
    title = "{Collective Neutrino Oscillations}",
    eprint = "1001.2799",
    archivePrefix = "arXiv",
    primaryClass = "hep-ph",
    reportNumber = "LA-UR-09-08309, INT-PUB-10-001",
    doi = "10.1146/annurev.nucl.012809.104524",
    journal = "Ann. Rev. Nucl. Part. Sci.",
    volume = "60",
    pages = "569--594",
    year = "2010"
}

@article{Duan:2008fd,
    author = "Duan, H. and Fuller, G. M. and Qian, Y-Z.",
    title = "{Symmetries in collective neutrino oscillations}",
    eprint = "0808.2046",
    archivePrefix = "arXiv",
    primaryClass = "astro-ph",
    reportNumber = "INT-PUB-08-22",
    doi = "10.1088/0954-3899/36/10/105003",
    journal = "J. Phys. G",
    volume = "36",
    pages = "105003",
    year = "2009"
}

@article{SNO:2002tuh,
    author = "Ahmad, Q. R. and others",
    collaboration = "SNO",
    title = "{Direct evidence for neutrino flavor transformation from neutral current interactions in the Sudbury Neutrino Observatory}",
    eprint = "nucl-ex/0204008",
    archivePrefix = "arXiv",
    doi = "10.1103/PhysRevLett.89.011301",
    journal = "Phys. Rev. Lett.",
    volume = "89",
    pages = "011301",
    year = "2002"
}

@article{LSND:2001aii,
    author = "Aguilar-Arevalo, A. and others",
    collaboration = "LSND",
    title = "{Evidence for neutrino oscillations from the observation of $\bar{\nu}_e$ appearance in a $\bar{\nu}_\mu$
 beam}",
    eprint = "hep-ex/0104049",
    archivePrefix = "arXiv",
    doi = "10.1103/PhysRevD.64.112007",
    journal = "Phys. Rev. D",
    volume = "64",
    pages = "112007",
    year = "2001"
}

@article{Maltoni:2004ei,
    author = "Maltoni, M. and Schwetz, T. and Tortola, M. A. and Valle, J. W. F.",
    title = "{Status of global fits to neutrino oscillations}",
    eprint = "hep-ph/0405172",
    archivePrefix = "arXiv",
    reportNumber = "IFIC-04-19, TUM-HEP-548-04, YITP-SB-04-29",
    doi = "10.1088/1367-2630/6/1/122",
    journal = "New J. Phys.",
    volume = "6",
    pages = "122",
    year = "2004"
}

@article{Super-Kamiokande:1998kpq,
    author = "Fukuda, Y. and others",
    collaboration = "Super-Kamiokande",
    title = "{Evidence for oscillation of atmospheric neutrinos}",
    eprint = "hep-ex/9807003",
    archivePrefix = "arXiv",
    reportNumber = "BU-98-17, ICRR-REPORT-422-98-18, UCI-98-8, KEK-PREPRINT-98-95, LSU-HEPA-5-98, UMD-98-003, SBHEP-98-5, TKU-PAP-98-06, TIT-HPE-98-09",
    doi = "10.1103/PhysRevLett.81.1562",
    journal = "Phys. Rev. Lett.",
    volume = "81",
    pages = "1562--1567",
    year = "1998"
}



@article{Gonzalez-Garcia:2007dlo,
    author = "Gonzalez-Garcia, M. C. and Maltoni, Michele",
    title = "{Phenomenology with Massive Neutrinos}",
    eprint = "0704.1800",
    archivePrefix = "arXiv",
    primaryClass = "hep-ph",
    reportNumber = "YITP-SB-07-14, UB-ECM-PF-07-08",
    doi = "10.1016/j.physrep.2007.12.004",
    journal = "Phys. Rept.",
    volume = "460",
    pages = "1--129",
    year = "2008"
}

@inproceedings{Smirnov:2003da,
    author = "Smirnov, A. Yu.",
    title = "{The MSW effect and solar neutrinos}",
    booktitle = "{10th International Workshop on Neutrino Telescopes}",
    eprint = "hep-ph/0305106",
    archivePrefix = "arXiv",
    pages = "23--43",
    month = "5",
    year = "2003"
}

@article{Chakraborty:2014lsa,
    author = {Chakraborty, Sovan and Raffelt, Georg and Janka, Hans-Thomas and M\"uller, Bernhard},
    title = "{Supernova deleptonization asymmetry: Impact on self-induced flavor conversion}",
    eprint = "1412.0670",
    archivePrefix = "arXiv",
    primaryClass = "hep-ph",
    doi = "10.1103/PhysRevD.92.105002",
    journal = "Phys. Rev. D",
    volume = "92",
    number = "10",
    pages = "105002",
    year = "2015"
}

@article{Xiong:2021dex,
    author = "Xiong, Zewei and Qian, Yong-Zhong",
    title = "{Stationary solutions for fast flavor oscillations of a homogeneous dense neutrino gas}",
    eprint = "2104.05618",
    archivePrefix = "arXiv",
    primaryClass = "astro-ph.HE",
    doi = "10.1016/j.physletb.2021.136550",
    journal = "Phys. Lett. B",
    volume = "820",
    pages = "136550",
    year = "2021"
}

@article{Chakraborty:2019wxe,
    author = "Chakraborty, Madhurima and Chakraborty, Sovan",
    title = "{Three flavor neutrino conversions in supernovae: slow \textbackslash{}\& fast instabilities}",
    eprint = "1909.10420",
    archivePrefix = "arXiv",
    primaryClass = "hep-ph",
    doi = "10.1088/1475-7516/2020/01/005",
    journal = "JCAP",
    volume = "01",
    pages = "005",
    year = "2020"
}

@article{Akhmedov:2009rb,
    author = "Akhmedov, Evgeny Kh. and Smirnov, Alexei Yu.",
    title = "{Paradoxes of neutrino oscillations}",
    eprint = "0905.1903",
    archivePrefix = "arXiv",
    primaryClass = "hep-ph",
    doi = "10.1134/S1063778809080122",
    journal = "Phys. Atom. Nucl.",
    volume = "72",
    pages = "1363--1381",
    year = "2009"
}

@article{Bilenky:2020vjk,
    author = "Bilenky, S.",
    title = "{Neutrinos: Majorana or Dirac?}",
    eprint = "2008.02110",
    journal = {arXiv preprint 2008.02110},
    archivePrefix = "arXiv",
    primaryClass = "hep-ph",
    month = "8",
    year = "2020"
}

@article{Mirizzi:2015eza,
    author = "Mirizzi, Alessandro and Tamborra, Irene and Janka, Hans-Thomas and Saviano, Ninetta and Scholberg, Kate and Bollig, Robert and Hudepohl, Lorenz and Chakraborty, Sovan",
    title = "{Supernova Neutrinos: Production, Oscillations and Detection}",
    eprint = "1508.00785",
    archivePrefix = "arXiv",
    primaryClass = "astro-ph.HE",
    doi = "10.1393/ncr/i2016-10120-8",
    journal = "Riv. Nuovo Cim.",
    volume = "39",
    number = "1-2",
    pages = "1--112",
    year = "2016"
}

@INCOLLECTION{2017hsn..book.1605R,
       author = {{Roberts}, Luke F. and {Reddy}, Sanjay},
        title = "{Neutrino Signatures from Young Neutron Stars}",
     keywords = {Physics, Astrophysics - High Energy Astrophysical Phenomena},
    booktitle = {Handbook of Supernovae},
         year = 2017,
       editor = {{Alsabti}, Athem W. and {Murdin}, Paul},
        pages = {1605},
      journal = {arXiv preprint 1612.03860},
          doi = {10.1007/978-3-319-21846-5\_5},
       adsurl = {https://ui.adsabs.harvard.edu/abs/2017hsn..book.1605R},
      adsnote = {Provided by the SAO/NASA Astrophysics Data System}
}

@book{fukugita2013physics,
  title={Physics and astrophysics of neutrinos},
  author={Fukugita, Masataka and Suzuki, Atsuto},
  year={2013},
  publisher={Springer Science \& Business Media}
}

@INPROCEEDINGS{1987ESOC...26..325N,
       author = {{Nomoto}, Ken'ichi and {Shigeyama}, Toshikazu and {Hashimoto}, Masa-Aki},
        title = "{Hydrodynamical Models of Supernova 1987A in the Large Magellanic Cloud}",
     keywords = {Hydrodynamics, Mathematical Models, Stellar Evolution, Stellar Models, Supernova 1987a, Computational Astrophysics, Density Distribution, Helium, Light Curve, Shock Heating, Stellar Composition, Stellar Envelopes, Stellar Mass Ejection, Velocity Distribution, Astrophysics},
    booktitle = {European Southern Observatory Conference and Workshop Proceedings},
         year = 1987,
       series = {European Southern Observatory Conference and Workshop Proceedings},
       volume = {26},
        month = jan,
        pages = {325},
       adsurl = {https://ui.adsabs.harvard.edu/abs/1987ESOC...26..325N},
      adsnote = {Provided by the SAO/NASA Astrophysics Data System}
}


@article{Super-Kamiokande:2020frs,
    author = "Abe, K. and others",
    collaboration = "Super-Kamiokande",
    title = "{Search for solar electron anti-neutrinos due to spin-flavor precession in the Sun with Super-Kamiokande-IV}",
    eprint = "2012.03807",
    archivePrefix = "arXiv",
    primaryClass = "hep-ex",
    doi = "10.1016/j.astropartphys.2022.102702",
    journal = "Astropart. Phys.",
    volume = "139",
    pages = "102702",
    year = "2022"
}

@article{Burrows:2012ew,
    author = "Burrows, Adam",
    title = "{Colloquium: Perspectives on core-collapse supernova theory}",
    eprint = "1210.4921",
    archivePrefix = "arXiv",
    primaryClass = "astro-ph.SR",
    doi = "10.1103/RevModPhys.85.245",
    journal = "Rev. Mod. Phys.",
    volume = "85",
    pages = "245",
    year = "2013"
}

@article{Janka:2012wk,
    author = "Janka, Hans-Thomas",
    title = "{Explosion Mechanisms of Core-Collapse Supernovae}",
    eprint = "1206.2503",
    archivePrefix = "arXiv",
    primaryClass = "astro-ph.SR",
    doi = "10.1146/annurev-nucl-102711-094901",
    journal = "Ann. Rev. Nucl. Part. Sci.",
    volume = "62",
    pages = "407--451",
    year = "2012"
}

@article{Parke:1986jy,
    author = "Parke, Stephen J.",
    editor = "Loken, S. C.",
    title = "{Nonadiabatic Level Crossing in Resonant Neutrino Oscillations}",
    reportNumber = "FERMILAB-PUB-86-067-T",
    doi = "10.1103/PhysRevLett.57.1275",
    journal = "Phys. Rev. Lett.",
    volume = "57",
    pages = "1275--1278",
    year = "1986"
}

@article{Akhmedov:2003fu,
    author = "Akhmedov, Evgeny K. and Fukuyama, Takeshi",
    title = "{Supernova prompt neutronization neutrinos and neutrino magnetic moments}",
    eprint = "hep-ph/0310119",
    archivePrefix = "arXiv",
    doi = "10.1088/1475-7516/2003/12/007",
    journal = "JCAP",
    volume = "12",
    pages = "007",
    year = "2003"
}

@article{Vidal:1990fr,
    author = "Vidal, Jorge and Wudka, Jose",
    title = "{Nondynamical contributions to left-right transitions in the solar neutrino problem}",
    reportNumber = "FTUV-90-34, UCD-90-17",
    doi = "10.1016/0370-2693(90)91019-8",
    journal = "Phys. Lett. B",
    volume = "249",
    pages = "473--477",
    year = "1990"
}


@article{Smirnov:1991ia,
    author = "Smirnov, A. Yu.",
    title = "{The Geometrical phase in neutrino spin precession and the solar neutrino problem}",
    doi = "10.1016/0370-2693(91)90985-Y",
    journal = "Phys. Lett. B",
    volume = "260",
    pages = "161--164",
    year = "1991"
}

@article{Akhmedov:1991vj,
    author = "Akhmedov, Evgeny K. and Smirnov, A. Yu. and Krastev, P. I.",
    title = "{Resonant neutrino spin flip transitions in twisting magnetic fields}",
    reportNumber = "IFUP-TH-14-91",
    doi = "10.1007/BF01562347",
    journal = "Z. Phys. C",
    volume = "52",
    pages = "701--709",
    year = "1991"
}

@ARTICLE{1932RSPSA.137..696Z,
       author = {{Zener}, Clarence},
        title = "{Non-Adiabatic Crossing of Energy Levels}",
      journal = {Proceedings of the Royal Society of London Series A},
         year = 1932,
        month = sep,
       volume = {137},
       number = {833},
        pages = {696-702},
          doi = {10.1098/rspa.1932.0165},
       adsurl = {https://ui.adsabs.harvard.edu/abs/1932RSPSA.137..696Z},
      adsnote = {Provided by the SAO/NASA Astrophysics Data System}
}

@ARTICLE{1981PhRvA..23.3107R,
       author = {{Rubbmark}, Jan R. and {Kash}, Michael M. and {Littman}, Michael G. and {Kleppner}, Daniel},
        title = "{Dynamical effects at avoided level crossings: A study of the Landau-Zener effect using Rydberg atoms}",
      journal = {Physical Review A},
         year = 1981,
        month = jun,
       volume = {23},
       number = {6},
        pages = {3107-3117},
          doi = {10.1103/PhysRevA.23.3107},
       adsurl = {https://ui.adsabs.harvard.edu/abs/1981PhRvA..23.3107R},
      adsnote = {Provided by the SAO/NASA Astrophysics Data System}
}


@article{Bellerive:2016byv,
    author = "Bellerive, A. and Klein, J. R. and McDonald, A. B. and Noble, A. J. and Poon, A. W. P.",
    collaboration = "SNO",
    title = "{The Sudbury Neutrino Observatory}",
    eprint = "1602.02469",
    archivePrefix = "arXiv",
    primaryClass = "nucl-ex",
    doi = "10.1016/j.nuclphysb.2016.04.035",
    journal = "Nucl. Phys. B",
    volume = "908",
    pages = "30--51",
    year = "2016"
}


@article{Mathews:2014qba,
    author = "Mathews, Grant J. and Hidaka, Jun and Kajino, Toshitaka and Suzuki, Jyutaro",
    title = "{Supernova Relic Neutrinos and the Supernova Rate Problem: Analysis of Uncertainties and Detectability of ONeMg and Failed Supernovae}",
    eprint = "1405.0458",
    archivePrefix = "arXiv",
    primaryClass = "astro-ph.CO",
    doi = "10.1088/0004-637X/790/2/115",
    journal = "Astrophys. J.",
    volume = "790",
    pages = "115",
    year = "2014"
}

@article{Suzuki:2006qd,
    author = "Suzuki, Toshio and Chiba, Satoshi and Yoshida, Takashi and Kajino, Toshitaka and Otsuka, Takaharu",
    title = "{Neutrino nucleus reactions based on new shell model Hamiltonians}",
    eprint = "nucl-th/0608056",
    archivePrefix = "arXiv",
    doi = "10.1103/PhysRevC.74.034307",
    journal = "Phys. Rev. C",
    volume = "74",
    pages = "034307",
    year = "2006"
}

@ARTICLE{2003ApJ...591.1220L,
       author = {{Lodders}, Katharina},
        title = "{Solar System Abundances and Condensation Temperatures of the Elements}",
      journal = {The Astrophysical Journal},
     keywords = {Astrochemistry, Meteors, Meteoroids, Solar System: Formation- Sun: Abundances, Sun: Photosphere},
         year = 2003,
        month = jul,
       volume = {591},
       number = {2},
        pages = {1220-1247},
          doi = {10.1086/375492},
       adsurl = {https://ui.adsabs.harvard.edu/abs/2003ApJ...591.1220L},
      adsnote = {Provided by the SAO/NASA Astrophysics Data System}
}

@article{Woosley:1989bd,
    author = "Woosley, S. E. and Hartmann, D. H. and Hoffman, R. D. and Haxton, W. C.",
    title = "{The Neutrino Process}",
    reportNumber = "DOE-ER-40427-23-N9",
    doi = "10.1086/168839",
    journal = "Astrophys. J.",
    volume = "356",
    pages = "272--301",
    year = "1990"
}

@article{Kusakabe:2019znq,
    author = "Kusakabe, Motohiko and Cheoun, Myung-Ki and Kim, K. S. and Hashimoto, Masa-aki and Ono, Masaomi and Nomoto, Ken'ichi and Suzuki, Toshio and Kajino, Toshitaka and Mathews, Grant J.",
    title = "{Supernova Neutrino Process of Li and B Revisited}",
    eprint = "1901.01715",
    archivePrefix = "arXiv",
    primaryClass = "astro-ph.HE",
    doi = "10.3847/1538-4357/aafc35",
    journal = "Astrophys. J.",
    volume = "872",
    number = "2",
    pages = "164",
    year = "2019"
}

@article{Wu:2014kaa,
    author = "Wu, Meng-Ru and Qian, Yong-Zhong and Martinez-Pinedo, Gabriel and Fischer, Tobias and Huther, Lutz",
    title = "{Effects of neutrino oscillations on nucleosynthesis and neutrino signals for an 18 M supernova model}",
    eprint = "1412.8587",
    archivePrefix = "arXiv",
    primaryClass = "astro-ph.HE",
    doi = "10.1103/PhysRevD.91.065016",
    journal = "Phys. Rev. D",
    volume = "91",
    number = "6",
    pages = "065016",
    year = "2015"
}

@article{Liebendoerfer:2000fw,
  author        = {Liebendoerfer, Matthias and Mezzacappa, Anthony and Thielemann, Friedrich-Karl},
  title         = {{Conservative general relativistic radiation hydrodynamics in spherical symmetry and comoving coordinates}},
  journal       = {Phys. Rev.},
  year          = {2001},
  volume        = {D63},
  pages         = {104003},
  archiveprefix = {arXiv},
  doi           = {10.1103/PhysRevD.63.104003},
  eprint        = {astro-ph/0012201},
  primaryclass  = {astro-ph},
  slaccitation  = {%%CITATION = ASTRO-PH/0012201;%%},
  timestamp     = {2019.03.16},
}

@article{2018JPhCS.940a2054S,
  author    = {A. Sieverding and L. Huther and G. Mart{\'{\i}}nez-Pinedo and K. Langanke and A. Heger},
  title     = {Neutrino nucleosynthesis in core-collapse Supernova explosions},
  journal   = {Journal of Physics: Conference Series},
  year      = {2018},
  volume    = {940},
  pages     = {012054},
  booktitle = {Journal of Physics Conference Series},
  doi       = {10.1088/1742-6596/940/1/012054},
  eid       = {012054},
  publisher = {{IOP} Publishing},
  series    = {Journal of Physics Conference Series},
  timestamp = {2019.03.20},
  url       = {http://adsabs.harvard.edu/abs/2018JPhCS.940a2054S},
}

@article{Curtis:2018vkh,
    author = {Curtis, Sanjana and Ebinger, Kevin and Fr\"ohlich, Carla and Hempel, Matthias and Perego, Albino and Liebend\"orfer, Matthias and Thielemann, Friedrich-Karl},
    title = "{PUSHing Core-Collapse Supernovae to Explosions in Spherical Symmetry III: Nucleosynthesis Yields}",
    eprint = "1805.00498",
    archivePrefix = "arXiv",
    primaryClass = "astro-ph.SR",
    doi = "10.3847/1538-4357/aae7d2",
    journal = "Astrophys. J.",
    volume = "870",
    number = "1",
    pages = "2",
    year = "2019"
}

@Article{2019ApJ...870....1E,
  author        = {Ebinger, K. and Curtis, S. and Fr{\"o}hlich, C. and Hempel, M. and Perego, A. and Liebend{\"o}rfer, M. and Thielemann, F.-K.},
  title         = {PUSHing Core-collapse Supernovae to Explosions in Spherical Symmetry II: Explodability and Remnant Properties},
  journal       = {The Astrophysical Journal},
  year          = {2018},
  volume        = {870},
  number        = {1},
  pages         = {1},
  archiveprefix = {arXiv},
  doi           = {10.3847/1538-4357/aae7c9},
  eid           = {1},
  eprint        = {1804.03182},
  keywords      = {hydrodynamics, nuclear reactions, nucleosynthesis, abundances, stars: neutron, supernovae: general, supernovae: individual: SN 1987A },
  primaryclass  = {astro-ph.SR},
  publisher     = {American Astronomical Society},
  timestamp     = {2019.03.20},
  url           = {http://adsabs.harvard.edu/abs/2019ApJ...870....1E},
}

@article{2015ApJ...806..275P,
       author = {{Perego}, A. and {Hempel}, M. and {Fr{\"o}hlich}, C. and {Ebinger}, K. and {Eichler}, M. and {Casanova}, J. and {Liebend{\"o}rfer}, M. and {Thielemann}, F. -K.},
        title = "{PUSHing Core-collapse Supernovae to Explosions in Spherical Symmetry I: the Model and the Case of SN 1987A}",
      journal = {The Astrophysical Journal},
     keywords = {hydrodynamics, stars: neutron, supernovae: general, supernovae: individual: SN 1987, Astrophysics - Solar and Stellar Astrophysics, Astrophysics - High Energy Astrophysical Phenomena},
         year = 2015,
        month = jun,
       volume = {806},
       number = {2},
          eid = {275},
        pages = {275},
          doi = {10.1088/0004-637X/806/2/275},
archivePrefix = {arXiv},
       eprint = {1501.02845},
 primaryClass = {astro-ph.SR},
       adsurl = {https://ui.adsabs.harvard.edu/abs/2015ApJ...806..275P},
      adsnote = {Provided by the SAO/NASA Astrophysics Data System}
}

@article{Janka:2017vcp,
    author = "Janka, H. -Th.",
    title = "{Neutrino-driven Explosions}",
    eprint = "1702.08825",
    journal = {arXiv preprint 1702.08825},
    archivePrefix = "arXiv",
    primaryClass = "astro-ph.HE",
    doi = "10.1007/978-3-319-21846-5_109",
    month = "2",
    year = "2017"
}

@article{1996ApJ...460..408T,
       author = {{Thielemann}, Friedrich-Karl and {Nomoto}, Ken'ichi and {Hashimoto}, Masa-Aki},
        title = "{Core-Collapse Supernovae and Their Ejecta}",
      journal = {The Astrophysical Journal},
     keywords = {NUCLEAR REACTIONS, NUCLEOSYNTHESIS, ABUNDANCES, STARS: INTERIORS, STARS: NEUTRON, STARS: SUPERNOVAE: GENERAL},
         year = 1996,
        month = mar,
       volume = {460},
        pages = {408},
          doi = {10.1086/176980},
       adsurl = {https://ui.adsabs.harvard.edu/abs/1996ApJ...460..408T},
      adsnote = {Provided by the SAO/NASA Astrophysics Data System}
}

@article{1995ApJS..101..181W,
       author = {{Woosley}, S.~E. and {Weaver}, Thomas A.},
        title = "{The Evolution and Explosion of Massive Stars. II. Explosive Hydrodynamics and Nucleosynthesis}",
      journal = {The Astrophysical Journal Supplement Series},
     keywords = {HYDRODYNAMICS, NUCLEAR REACTIONS, NUCLEOSYNTHESIS, ABUNDANCES, STARS: EVOLUTION, STARS: INTERIORS, STARS: SUPERNOVAE: GENERAL},
         year = 1995,
        month = nov,
       volume = {101},
        pages = {181},
          doi = {10.1086/192237},
       adsurl = {https://ui.adsabs.harvard.edu/abs/1995ApJS..101..181W},
      adsnote = {Provided by the SAO/NASA Astrophysics Data System}
}

@article{1954ApJS....1..121H,
       author = {{Hoyle}, F.},
        title = "{On Nuclear Reactions Occuring in Very Hot STARS.I. the Synthesis of Elements from Carbon to Nickel.}",
      journal = {The Astrophysical Journal Supplement Series},
         year = 1954,
        month = sep,
       volume = {1},
        pages = {121},
          doi = {10.1086/190005},
       adsurl = {https://ui.adsabs.harvard.edu/abs/1954ApJS....1..121H},
      adsnote = {Provided by the SAO/NASA Astrophysics Data System}
}


@article{Burbidge:1957vc,
    author = "Burbidge, Margaret E. and Burbidge, G. R. and Fowler, William A. and Hoyle, F.",
    title = "{Synthesis of the elements in stars}",
    doi = "10.1103/RevModPhys.29.547",
    journal = "Rev. Mod. Phys.",
    volume = "29",
    pages = "547--650",
    year = "1957"
}


@article{Sieverding:2018rdt,
    author = "Sieverding, A. and Mart\'\i{}nez-Pinedo, G. and Huther, L. and Langanke, K. and Heger, A.",
    title = "{The $\nu$ process in the light of an improved understanding of supernova neutrino spectra}",
    eprint = "1805.10231",
    archivePrefix = "arXiv",
    primaryClass = "astro-ph.HE",
    doi = "10.3847/1538-4357/aadd48",
    journal = "Astrophys. J.",
    volume = "865",
    number = "2",
    pages = "143",
    year = "2018"
}

@article{1989ARA&A..27..629A,
  author    = {Arnett, W. D. and Bahcall, J. N. and Kirshner, R. P. and Woosley, S. E.},
  title     = {Supernova 1987A},
  journal   = {Annual Review of Astronomy and Astrophysics},
  year      = {1989},
  volume    = {27},
  number    = {1},
  pages     = {629-700},
  abstract  = {Present understanding of SN 1987A is reviewed. The results of early optical and UV observations of the SN are summarized, and the reasons for the blue color of the progenitor star are theoretically examined. The physical processes involved in the explosion are discussed, and the neutrino burst, the light curve, and high-energy emissions are studied in detail. The spectral evaluation of SN 1987A is addressed, and issues for future study are briefly considered.},
  doi       = {10.1146/annurev.aa.27.090189.003213},
  keywords  = {Stellar Evolution, Supernova 1987a, Blue Stars, Gamma Ray Spectra, Light Curve, Metallicity, Neutrinos, Nuclear Fusion, Stellar Color, X Ray Spectra},
  publisher = {Annual Reviews},
  timestamp = {2019.03.20},
  url       = {http://adsabs.harvard.edu/abs/1989ARA%26A..27..629A},
}

@article{1986ARA&A..24..205W,
  author    = {Woosley, S. E. and Weaver, T. A.},
  title     = {The physics of supernova explosions},
  journal   = {Annual Review of Astronomy and Astrophysics},
  year      = {1986},
  volume    = {24},
  number    = {1},
  pages     = {205-253},
  abstract  = {Recent efforts to model the processes occurring in Type I and II supernovae, and the diagnostics used to model the events, are described. Both types of events release about the same amount of energy and produce heavy elements. Features which distinguish the two types of supernovae are summarized. Prominent stages in Type II events are reviewed, including the presupernova evolution of massive stars, core collapse and bounce. Processes occurring in a delayed explosion, e.g., failure of the shock and possible formation of a 'neutrinosphere', are discussed, along with nucleosynthesis during Type II explosions and features of peculiar Type II events.},
  doi       = {10.1146/annurev.aa.24.090186.001225},
  keywords  = {Explosions, Stellar Models, Supernovae, Gravitational Collapse, Light Curve, Nuclear Fusion, Stellar Composition, Stellar Evolution, Stellar Mass Accretion, Stellar Rotation, Stellar Structure, White Dwarf Stars},
  publisher = {Annual Reviews},
  timestamp = {2019.03.20},
  url       = {http://adsabs.harvard.edu/abs/1986ARA%26A..24..205W},
}

@article{1966ApJ...143..626C,
  author    = {Colgate, S. A. and White, R. H.},
  title     = {The Hydrodynamic Behavior of Supernovae Explosions},
  journal   = {The Astrophysical Journal},
  year      = {1966},
  volume    = {143},
  pages     = {626},
  abstract  = {Ve regard the release of gravitational energy attending a dynamic change in configuration to be the primary energy source in supernovae explosions. Although we were initially inspired by and agree in detail with the mechanism for initiating gravitational instability proposed by Burbidge, Burbidge, Fowler, and Hoyle, we find that the dynamical implosion is so violent that an energy many times greater than the available thermonuclear energy is released from the star's core and transferred to the star's mantle in a supernova explosion. The energy released corresponds to the change in gravitational potential of the unstable imploding core; the transfer of energy takes place by the emission and deposition of neutrinos.},
  doi       = {10.1086/148549},
  publisher = {{IOP} Publishing},
  timestamp = {2019.03.20},
  url       = {http://adsabs.harvard.edu/abs/1966ApJ...143..626C},
}

@article{Sasaki:2017jry,
    author = "Sasaki, H. and Kajino, T. and Takiwaki, T. and Hayakawa, T. and Balantekin, A. B. and Pehlivan, Y.",
    title = "{Possible effects of collective neutrino oscillations in three-flavor multiangle simulations of supernova $\nu p$ processes}",
    eprint = "1707.09111",
    archivePrefix = "arXiv",
    primaryClass = "astro-ph.HE",
    doi = "10.1103/PhysRevD.96.043013",
    journal = "Phys. Rev. D",
    volume = "96",
    number = "4",
    pages = "043013",
    year = "2017"
}

@article{Duan:2010bf,
    author = "Duan, Huaiyu and Friedland, Alexander",
    title = "{Self-induced suppression of collective neutrino oscillations in a supernova}",
    eprint = "1006.2359",
    archivePrefix = "arXiv",
    primaryClass = "hep-ph",
    reportNumber = "LA-UR-10-03755",
    doi = "10.1103/PhysRevLett.106.091101",
    journal = "Phys. Rev. Lett.",
    volume = "106",
    pages = "091101",
    year = "2011"
}

@article{Cardall:2007zw,
    author = "Cardall, Christian Y.",
    title = "{Liouville equations for neutrino distribution matrices}",
    eprint = "0712.1188",
    archivePrefix = "arXiv",
    primaryClass = "astro-ph",
    doi = "10.1103/PhysRevD.78.085017",
    journal = "Phys. Rev. D",
    volume = "78",
    pages = "085017",
    year = "2008"
}


@article{Dasgupta:2010cd,
    author = "Dasgupta, Basudeb and Mirizzi, Alessandro and Tamborra, Irene and Tomas, Ricard",
    title = "{Neutrino mass hierarchy and three-flavor spectral splits of supernova neutrinos}",
    eprint = "1002.2943",
    archivePrefix = "arXiv",
    primaryClass = "hep-ph",
    reportNumber = "MPI-2010-23",
    doi = "10.1103/PhysRevD.81.093008",
    journal = "Phys. Rev. D",
    volume = "81",
    pages = "093008",
    year = "2010"
}


@article{Keil:2002in,
    author = "Keil, Mathias Th. and Raffelt, Georg G. and Janka, Hans-Thomas",
    title = "{Monte Carlo study of supernova neutrino spectra formation}",
    eprint = "astro-ph/0208035",
    archivePrefix = "arXiv",
    doi = "10.1086/375130",
    journal = "Astrophys. J.",
    volume = "590",
    pages = "971--991",
    year = "2003"
}

@article{Duan:2006an,
    author = "Duan, Huaiyu and Fuller, George M. and Carlson, J and Qian, Yong-Zhong",
    title = "{Simulation of Coherent Non-Linear Neutrino Flavor Transformation in the Supernova Environment. 1. Correlated Neutrino Trajectories}",
    eprint = "astro-ph/0606616",
    archivePrefix = "arXiv",
    reportNumber = "LA-UR-06-4274",
    doi = "10.1103/PhysRevD.74.105014",
    journal = "Phys. Rev. D",
    volume = "74",
    pages = "105014",
    year = "2006"
}

@article{Mirizzi:2015fva,
    author = "Mirizzi, Alessandro and Mangano, Gianpiero and Saviano, Ninetta",
    title = "{Self-induced flavor instabilities of a dense neutrino stream in a two-dimensional model}",
    eprint = "1503.03485",
    archivePrefix = "arXiv",
    primaryClass = "hep-ph",
    reportNumber = "IPPP-15-08, DCPT-15-16",
    doi = "10.1103/PhysRevD.92.021702",
    journal = "Phys. Rev. D",
    volume = "92",
    number = "2",
    pages = "021702",
    year = "2015"
}

@article{deGouvea:2013zp,
    author = "de Gouvea, Andre and Shalgar, Shashank",
    title = "{Transition Magnetic Moments and Collective Neutrino Oscillations:Three-Flavor Effects and Detectability}",
    eprint = "1301.5637",
    archivePrefix = "arXiv",
    primaryClass = "astro-ph.HE",
    reportNumber = "NUHEP-TH-13-01",
    doi = "10.1088/1475-7516/2013/04/018",
    journal = "JCAP",
    volume = "04",
    pages = "018",
    year = "2013"
}

@article{deGouvea:2012hg,
    author = "de Gouvea, Andre and Shalgar, Shashank",
    title = "{Effect of Transition Magnetic Moments on Collective Supernova Neutrino Oscillations}",
    eprint = "1207.0516",
    archivePrefix = "arXiv",
    primaryClass = "astro-ph.HE",
    reportNumber = "NUHEP-TH-12-06",
    doi = "10.1088/1475-7516/2012/10/027",
    journal = "JCAP",
    volume = "10",
    pages = "027",
    year = "2012"
}

@article{Bell:2006wi,
    author = "Bell, Nicole F. and Gorchtein, Mikhail and Ramsey-Musolf, Michael J. and Vogel, Petr and Wang, Peng",
    title = "{Model independent bounds on magnetic moments of Majorana neutrinos}",
    eprint = "hep-ph/0606248",
    archivePrefix = "arXiv",
    reportNumber = "CALT-68-2603, KRL-MAP-321",
    doi = "10.1016/j.physletb.2006.09.055",
    journal = "Phys. Lett. B",
    volume = "642",
    pages = "377--383",
    year = "2006"
}

@article{Athar:1995cx,
    author = "Athar, H. and Peltoniemi, J. T. and Smirnov, A. Yu.",
    title = "{Neutrino spin flip effects in collapsing stars}",
    eprint = "hep-ph/9501283",
    archivePrefix = "arXiv",
    reportNumber = "IC-94-399, SISSA-181-94-EP",
    doi = "10.1103/PhysRevD.51.6647",
    journal = "Phys. Rev. D",
    volume = "51",
    pages = "6647--6662",
    year = "1995"
}

@article{Shrock:1982sc,
    author = "Shrock, Robert E.",
    title = "{Electromagnetic Properties and Decays of Dirac and Majorana Neutrinos in a General Class of Gauge Theories}",
    reportNumber = "ITP-SB-82-2",
    doi = "10.1016/0550-3213(82)90273-5",
    journal = "Nucl. Phys. B",
    volume = "206",
    pages = "359--379",
    year = "1982"
}

@article{Borexino:2017fbd,
    author = "Agostini, M. and others",
    collaboration = "Borexino",
    title = "{Limiting neutrino magnetic moments with Borexino Phase-II solar neutrino data}",
    eprint = "1707.09355",
    archivePrefix = "arXiv",
    primaryClass = "hep-ex",
    doi = "10.1103/PhysRevD.96.091103",
    journal = "Phys. Rev. D",
    volume = "96",
    number = "9",
    pages = "091103",
    year = "2017"
}

@article{Kneller:2005hf,
    author = "Kneller, James P. and McLaughlin, Gail C.",
    title = "{Monte Carlo neutrino oscillations}",
    eprint = "hep-ph/0509356",
    archivePrefix = "arXiv",
    doi = "10.1103/PhysRevD.73.056003",
    journal = "Phys. Rev. D",
    volume = "73",
    pages = "056003",
    year = "2006"
}

@book{fackler1986Massive,
  title={86 Massive neutrinos in astrophysics and in particle physics},
  author={Fackler, O},
  year={1986},
  publisher={Editions Frontieres},
  url= {http://inis.iaea.org/search/search.aspx?orig_q=RN:18054018},
  isbn={2-86332-040-8}
}

@article{Dasgupta:2008cd,
    author = "Dasgupta, Basudeb and Dighe, Amol and Mirizzi, Alessandro and Raffelt, Georg G.",
    title = "{Spectral split in prompt supernova neutrino burst: Analytic three-flavor treatment}",
    eprint = "0801.1660",
    archivePrefix = "arXiv",
    primaryClass = "hep-ph",
    reportNumber = "MPP-2008-3",
    doi = "10.1103/PhysRevD.77.113007",
    journal = "Phys. Rev. D",
    volume = "77",
    pages = "113007",
    year = "2008"
}

@article{Mangano:2005cc,
    author = "Mangano, Gianpiero and Miele, Gennaro and Pastor, Sergio and Pinto, Teguayco and Pisanti, Ofelia and Serpico, Pasquale D.",
    title = "{Relic neutrino decoupling including flavor oscillations}",
    eprint = "hep-ph/0506164",
    archivePrefix = "arXiv",
    reportNumber = "DSF-16-2005, IFIC-05-17, MPP-2005-36",
    doi = "10.1016/j.nuclphysb.2005.09.041",
    journal = "Nucl. Phys. B",
    volume = "729",
    pages = "221--234",
    year = "2005"
}

@inproceedings{Archidiacono:2017tlz,
    author = "Archidiacono, Maria and Brinckmann, Thejs and Lesgourgues, Julien and Poulin, Vivian",
    title = "{Neutrino properties from cosmology}",
    booktitle = "{Prospects in Neutrino Physics}",
    eprint = "1705.00496",
    archivePrefix = "arXiv",
    primaryClass = "astro-ph.CO",
    reportNumber = "NUPHYS2016-ARCHIDIACONO",
    month = "5",
    year = "2017"
}

@article{Planck:2016kqe,
    author = "Aghanim, N. and others",
    collaboration = "Planck",
    title = "{Planck intermediate results. XLVI. Reduction of large-scale systematic effects in HFI polarization maps and estimation of the reionization optical depth}",
    eprint = "1605.02985",
    archivePrefix = "arXiv",
    primaryClass = "astro-ph.CO",
    doi = "10.1051/0004-6361/201628890",
    journal = "Astron. Astrophys.",
    volume = "596",
    pages = "A107",
    year = "2016"
}

@article{Planck:2015fie,
    author = "Ade, P. A. R. and others",
    collaboration = "Planck",
    title = "{Planck 2015 results. XIII. Cosmological parameters}",
    eprint = "1502.01589",
    archivePrefix = "arXiv",
    primaryClass = "astro-ph.CO",
    doi = "10.1051/0004-6361/201525830",
    journal = "Astron. Astrophys.",
    volume = "594",
    pages = "A13",
    year = "2016"
}


@book{raffelt1996stars,
  title={Stars as laboratories for fundamental physics: The astrophysics of neutrinos, axions, and other weakly interacting particles},
  author={Raffelt, Georg G},
  year={1996},
  publisher={University of Chicago press}
}

@article{2010arXiv1011.4300D,
       author = {{Dvornikov}, Maxim},
        title = "{Field theory description of neutrino oscillations}",
      journal = {arXiv preprint 1011.4300},
     keywords = {High Energy Physics - Phenomenology, High Energy Physics - Theory},
         year = 2010,
        month = nov,
          eid = {arXiv:1011.4300},
        pages = {arXiv:1011.4300},
archivePrefix = {arXiv},
       eprint = {1011.4300},
 primaryClass = {hep-ph},
       adsurl = {https://ui.adsabs.harvard.edu/abs/2010arXiv1011.4300D}
}


@article{McKellar:1992ja,
    author = "McKellar, Bruce H. J. and Thomson, Mark J.",
    title = "{Oscillating doublet neutrinos in the early universe}",
    reportNumber = "MC-TP-92-10",
    doi = "10.1103/PhysRevD.49.2710",
    journal = "Phys. Rev. D",
    volume = "49",
    pages = "2710--2728",
    year = "1994"
}

@article{Brill:1957fx,
    author = "Brill, Dieter R. and Wheeler, John A.",
    title = "{Interaction of neutrinos and gravitational fields}",
    doi = "10.1103/RevModPhys.29.465",
    journal = "Rev. Mod. Phys.",
    volume = "29",
    pages = "465--479",
    year = "1957"
}

@article{Jentschura:2013hv,
    author = "Jentschura, U. D.",
    title = "{Gravitationally Coupled Dirac Equation for Antimatter}",
    eprint = "1301.2442",
    archivePrefix = "arXiv",
    primaryClass = "hep-ph",
    doi = "10.1103/PhysRevA.87.032101",
    journal = "Phys. Rev. A",
    volume = "87",
    pages = "032101",
    year = "2013"
}

@article{Banerjee:2011fj,
    author = "Banerjee, Arka and Dighe, Amol and Raffelt, Georg",
    title = "{Linearized flavor-stability analysis of dense neutrino streams}",
    eprint = "1107.2308",
    archivePrefix = "arXiv",
    primaryClass = "hep-ph",
    reportNumber = "MPP-2011-81, TIFR-TH-11-30",
    doi = "10.1103/PhysRevD.84.053013",
    journal = "Phys. Rev. D",
    volume = "84",
    pages = "053013",
    year = "2011"
}

@article{Volpe:2015rla,
    author = "Volpe, Cristina",
    title = "{Neutrino Quantum Kinetic Equations}",
    eprint = "1506.06222",
    archivePrefix = "arXiv",
    primaryClass = "astro-ph.SR",
    doi = "10.1142/S0218301315410098",
    journal = "Int. J. Mod. Phys. E",
    volume = "24",
    number = "09",
    pages = "1541009",
    year = "2015"
}

@article{Cherry:2013mv,
    author = "Cherry, John F. and Carlson, J. and Friedland, Alexander and Fuller, George M. and Vlasenko, Alexey",
    title = "{Halo Modification of a Supernova Neutronization Neutrino Burst}",
    eprint = "1302.1159",
    archivePrefix = "arXiv",
    primaryClass = "astro-ph.HE",
    reportNumber = "LA-UR-13-20684",
    doi = "10.1103/PhysRevD.87.085037",
    journal = "Phys. Rev. D",
    volume = "87",
    pages = "085037",
    year = "2013"
}


@article{Wolfenstein:1977ue,
    author = "Wolfenstein, L.",
    title = "{Neutrino Oscillations in Matter}",
    reportNumber = "COO-3066-102",
    doi = "10.1103/PhysRevD.17.2369",
    journal = "Phys. Rev. D",
    volume = "17",
    pages = "2369--2374",
    year = "1978"
}

@article{Mikheyev:1985zog,
    author = "Mikheyev, S. P. and Smirnov, A. Yu.",
    title = "{Resonance Amplification of Oscillations in Matter and Spectroscopy of Solar Neutrinos}",
    journal = "Sov. J. Nucl. Phys.",
    volume = "42",
    pages = "913--917",
    year = "1985"
}


@article{Tian:2016hec,
    author = "Tian, James Y. and Patwardhan, Amol V. and Fuller, George M.",
    title = "{Prospects for Neutrino Spin Coherence in Supernovae}",
    eprint = "1610.08586",
    archivePrefix = "arXiv",
    primaryClass = "astro-ph.HE",
    doi = "10.1103/PhysRevD.95.063004",
    journal = "Phys. Rev. D",
    volume = "95",
    number = "6",
    pages = "063004",
    year = "2017"
}

@article{Volpe:2013uxl,
    author = {Volpe, Cristina and V\"a\"an\"anen, Daavid and Espinoza, Catalina},
    title = "{Extended evolution equations for neutrino propagation in astrophysical and cosmological environments}",
    eprint = "1302.2374",
    archivePrefix = "arXiv",
    primaryClass = "hep-ph",
    doi = "10.1103/PhysRevD.87.113010",
    journal = "Phys. Rev. D",
    volume = "87",
    number = "11",
    pages = "113010",
    year = "2013"
}

@article{Chakraborty:2016yeg,
    author = "Chakraborty, Sovan and Hansen, Rasmus and Izaguirre, Ignacio and Raffelt, Georg",
    title = "{Collective neutrino flavor conversion: Recent developments}",
    eprint = "1602.02766",
    archivePrefix = "arXiv",
    primaryClass = "hep-ph",
    doi = "10.1016/j.nuclphysb.2016.02.012",
    journal = "Nucl. Phys. B",
    volume = "908",
    pages = "366--381",
    year = "2016"
}

@article{Friedland:2010sc,
    author = "Friedland, Alexander",
    title = "{Self-refraction of supernova neutrinos: mixed spectra and three-flavor instabilities}",
    eprint = "1001.0996",
    archivePrefix = "arXiv",
    primaryClass = "hep-ph",
    reportNumber = "LA-UR-09-07469",
    doi = "10.1103/PhysRevLett.104.191102",
    journal = "Phys. Rev. Lett.",
    volume = "104",
    pages = "191102",
    year = "2010"
}

@article{Pehlivan:2010zz,
    author = "Pehlivan, Y. and Kajino, Toshitaka and Balantekin, A. B. and Yoshida, Takashi and Maruyama, Tomoyuki",
    editor = "Tanihata, Isao and Shima, Tatsushi and Ong, Hoi Jin and Tamii, Atsushi and Kishimoto, Tadafumi and Toki, Hiroshi and Kajino, Toshitaka and Kubono, Shigeru",
    title = "{On the neutrino self refraction problem from a many-body perspective}",
    doi = "10.1063/1.3485133",
    journal = "AIP Conf. Proc.",
    volume = "1269",
    number = "1",
    pages = "189--194",
    year = "2010"
}

@inproceedings{Berryman:2022hds,
    author = "Berryman, Jeffrey M. and others",
    title = "{Neutrino Self-Interactions: A White Paper}",
    booktitle = "{2022 Snowmass Summer Study}",
    eprint = "2203.01955",
    archivePrefix = "arXiv",
    primaryClass = "hep-ph",
    reportNumber = "CERN-TH-2022-024, DESY-22-035, FERMILAB-PUB-22-099-T",
    month = "3",
    year = "2022"
}

@article{Formaggio:2012cpf,
    author = "Formaggio, J. A. and Zeller, G. P.",
    title = "{From eV to EeV: Neutrino Cross Sections Across Energy Scales}",
    eprint = "1305.7513",
    archivePrefix = "arXiv",
    primaryClass = "hep-ex",
    reportNumber = "FERMILAB-PUB-12-785-E",
    doi = "10.1103/RevModPhys.84.1307",
    journal = "Rev. Mod. Phys.",
    volume = "84",
    pages = "1307--1341",
    year = "2012"
}

@article{Vlasenko:2013fja,
    author = "Vlasenko, Alexey and Fuller, George M. and Cirigliano, Vincenzo",
    title = "{Neutrino Quantum Kinetics}",
    eprint = "1309.2628",
    archivePrefix = "arXiv",
    primaryClass = "hep-ph",
    reportNumber = "LA-UR-13-27035",
    doi = "10.1103/PhysRevD.89.105004",
    journal = "Phys. Rev. D",
    volume = "89",
    number = "10",
    pages = "105004",
    year = "2014"
}

@article{Birol:2018qhx,
    author = "Birol, Savas and Pehlivan, Y. and Balantekin, A. B. and Kajino, T.",
    title = "{Neutrino Spectral Split in the Exact Many Body Formalism}",
    eprint = "1805.11767",
    archivePrefix = "arXiv",
    primaryClass = "astro-ph.HE",
    doi = "10.1103/PhysRevD.98.083002",
    journal = "Phys. Rev. D",
    volume = "98",
    number = "8",
    pages = "083002",
    year = "2018"
}

@article{Sigl:1993ctk,
    author = "Sigl, G. and Raffelt, G.",
    title = "{General kinetic description of relativistic mixed neutrinos}",
    reportNumber = "MPI-PH-92-112",
    doi = "10.1016/0550-3213(93)90175-O",
    journal = "Nucl. Phys. B",
    volume = "406",
    pages = "423--451",
    year = "1993"
}

@article{Bloch:1946zza,
    author = "Bloch, F.",
    title = "{Nuclear Induction}",
    doi = "10.1103/PhysRev.70.460",
    journal = "Phys. Rev.",
    volume = "70",
    pages = "460--474",
    year = "1946"
}

@article{Likhachev:1990ki,
    author = "Likhachev, G. G. and Studenikin, A. I.",
    title = "{Neutrino oscillations in the magnetic field of the sun, supernovae, and neutron stars}",
    journal = "J. Exp. Theor. Phys.",
    volume = "81",
    pdf = "http://www.jetp.ras.ru/cgi-bin/dn/e_081_03_0419.pdf",
    pages = "419--425",
    year = "1995"
}

@article{Broggini:2012df,
    author = "Broggini, C. and Giunti, C. and Studenikin, A.",
    title = "{Electromagnetic Properties of Neutrinos}",
    eprint = "1207.3980",
    archivePrefix = "arXiv",
    primaryClass = "hep-ph",
    reportNumber = "DFT-120717",
    doi = "10.1155/2012/459526",
    journal = "Adv. High Energy Phys.",
    volume = "2012",
    pages = "459526",
    year = "2012"
}

@article{Friedland:2006xj,
    author = "Friedland, Alexander",
    editor = "Mills, Geoffrey and Elliott, Steve and Goldman, Terrence and Bowles, Thomas",
    title = "{MSW Oscillations: LMA and Subdominant Effects}",
    eprint = "hep-ph/0612266",
    archivePrefix = "arXiv",
    reportNumber = "LA-UR-06-6774",
    doi = "10.1016/j.nuclphysbps.2011.03.098",
    journal = "Nucl. Phys. B Proc. Suppl.",
    volume = "221",
    pages = "79--84",
    year = "2011"
}

@article{Friedland:2005xh,
    author = "Friedland, Alexander",
    title = "{Do solar neutrinos probe neutrino electromagnetic properties?}",
    eprint = "hep-ph/0505165",
    archivePrefix = "arXiv",
    reportNumber = "LA-UR-05-3141",
    month = "5",
    journal={arXiv preprint hep-ph/0505165},
    year = "2005"
}

@article{Balantekin:1996ag,
    author = "Balantekin, A. B. and Beacom, John F.",
    title = "{Semiclassical treatment of matter enhanced neutrino oscillations for an arbitrary density profile}",
    eprint = "hep-ph/9606353",
    archivePrefix = "arXiv",
    reportNumber = "MAD-NT-96-02",
    doi = "10.1103/PhysRevD.54.6323",
    journal = "Phys. Rev. D",
    volume = "54",
    pages = "6323--6337",
    year = "1996"
}

@article{Kuo:1989qe,
    author = "Kuo, Tzee-Ke and Pantaleone, James T.",
    title = "{Neutrino Oscillations in Matter}",
    reportNumber = "PURD-TH-89-3, UCRHEP-T-88-2",
    doi = "10.1103/RevModPhys.61.937",
    journal = "Rev. Mod. Phys.",
    volume = "61",
    pages = "937",
    year = "1989"
}

@article{Notzold:1987cq,
    author = "Notzold, Dirk",
    title = "{Exact Analytic Solutions for Mikheev-smirnov-wolfenstein Level Crossings}",
    reportNumber = "MPI-PAE/PTh-08/87",
    doi = "10.1103/PhysRevD.36.1625",
    journal = "Phys. Rev. D",
    volume = "36",
    pages = "1625",
    year = "1987"
}

@article{Kaneko:1987zza,
    author = "Kaneko, T.",
    title = "{Analytic Solution for Resonant Mixing of Solar Neutrinos}",
    reportNumber = "Print-87-0470 (MEIJO)",
    doi = "10.1143/PTP.78.532",
    journal = "Prog. Theor. Phys.",
    volume = "78",
    pages = "532",
    year = "1987"
}

@article{Toshev:1987jw,
    author = "Toshev, S.",
    title = "{Exact Analytical Solution of the Two Neutrino Evolution Equation in Matter With Exponentially Varying Density}",
    reportNumber = "Print-87-0542 (SOFIYA)",
    doi = "10.1016/0370-2693(87)90598-3",
    journal = "Phys. Lett. B",
    volume = "196",
    pages = "170--174",
    year = "1987"
}

@article{Ito:1987vy,
    author = "Ito, Masatoshi and Kaneko, Takao and Nakagawa, Masami",
    title = "{On Analytic Solution of Resonant Mixing for Solar Neutrino Oscillations}",
    reportNumber = "Print-87-0779 (MEIJO)",
    doi = "10.1143/PTP.79.13",
    journal = "Prog. Theor. Phys.",
    volume = "79",
    pages = "13",
    year = "1988",
    note = "[Erratum: Prog.Theor.Phys. 79, 555 (1988)]"
}

@article{Joshi:2019dcj,
    author = "Joshi, Sandeep and Jain, Sudhir R.",
    title = "{Neutrino spin-flavor oscillations in solar environment}",
    eprint = "1906.09475",
    archivePrefix = "arXiv",
    primaryClass = "hep-ph",
    journal={Research in Astronomy and Astrophysics},
    volume={20},
    number={8},
    pages={123},
    doi = "10.1088/1674-4527/20/8/123",
    month = "6",
    year = "2019"
}

@article{Balantekin:2004tk,
    author = "Balantekin, A. B. and Volpe, C.",
    title = "{Does the neutrino magnetic moment have an impact on solar physics?}",
    eprint = "hep-ph/0411148",
    archivePrefix = "arXiv",
    doi = "10.1103/PhysRevD.72.033008",
    journal = "Phys. Rev. D",
    volume = "72",
    pages = "033008",
    year = "2005"
}

@article{Brdar:2020quo,
    author = "Brdar, Vedran and Greljo, Admir and Kopp, Joachim and Opferkuch, Toby",
    title = "{The Neutrino Magnetic Moment Portal: Cosmology, Astrophysics, and Direct Detection}",
    eprint = "2007.15563",
    archivePrefix = "arXiv",
    primaryClass = "hep-ph",
    reportNumber = "CERN-TH-2020-130, MITP/20-041",
    doi = "10.1088/1475-7516/2021/01/039",
    journal = "JCAP",
    volume = "01",
    pages = "039",
    year = "2021"
}

@article{BahaBalantekin:2018ppj,
    author = "Baha Balantekin, A. and Kayser, Boris",
    title = "{On the Properties of Neutrinos}",
    eprint = "1805.00922",
    archivePrefix = "arXiv",
    primaryClass = "hep-ph",
    reportNumber = "FERMILAB-PUB-18-149-T",
    doi = "10.1146/annurev-nucl-101916-123044",
    journal = "Ann. Rev. Nucl. Part. Sci.",
    volume = "68",
    pages = "313--338",
    year = "2018"
}

@article{Giunti:2014ixa,
    author = "Giunti, Carlo and Studenikin, Alexander",
    title = "{Neutrino electromagnetic interactions: a window to new physics}",
    eprint = "1403.6344",
    archivePrefix = "arXiv",
    primaryClass = "hep-ph",
    doi = "10.1103/RevModPhys.87.531",
    journal = "Rev. Mod. Phys.",
    volume = "87",
    pages = "531",
    year = "2015"
}

@book{Giunti:2007ry,
    author = "Giunti, Carlo and Kim, Chung W.",
    title = "{Fundamentals of Neutrino Physics and Astrophysics}",
    isbn = "978-0-19-850871-7",
    year = "2007",
    publisher= "Oxford University Press"
}

@article{Fischer:2020vie,
    author = {Fischer, Tobias and Guo, Gang and Mart\'\i{}nez-Pinedo, Gabriel and Liebend\"orfer, Matthias and Mezzacappa, Anthony},
    title = "{Muonization of supernova matter}",
    eprint = "2008.13628",
    archivePrefix = "arXiv",
    primaryClass = "astro-ph.HE",
    doi = "10.1103/PhysRevD.102.123001",
    journal = "Phys. Rev. D",
    volume = "102",
    number = "12",
    pages = "123001",
    year = "2020"
}

@article{Janka:2006fh,
    author = "Janka, Hans-Thomas and Langanke, K. and Marek, A. and Martinez-Pinedo, G. and Mueller, B.",
    title = "{Theory of Core-Collapse Supernovae}",
    eprint = "astro-ph/0612072",
    archivePrefix = "arXiv",
    doi = "10.1016/j.physrep.2007.02.002",
    journal = "Phys. Rept.",
    volume = "442",
    pages = "38--74",
    year = "2007"
}

@inproceedings{Kayser:2001ki,
    author = "Kayser, Boris",
    title = "{Neutrino mass, mixing, and oscillation}",
    booktitle = "{Theoretical Advanced Study Institute in Elementary Particle Physics (TASI 2000): Flavor Physics for the Millennium}",
    eprint = "hep-ph/0104147",
    archivePrefix = "arXiv",
    doi = "10.1142/9789812811509_0017",
    pages = "625--650",
    month = "4",
    year = "2001"
}

@article{Pehlivan:2011hp,
    author = "Pehlivan, Y. and Balantekin, A. B. and Kajino, Toshitaka and Yoshida, Takashi",
    title = "{Invariants of Collective Neutrino Oscillations}",
    eprint = "1105.1182",
    archivePrefix = "arXiv",
    primaryClass = "astro-ph.CO",
    doi = "10.1103/PhysRevD.84.065008",
    journal = "Phys. Rev. D",
    volume = "84",
    pages = "065008",
    year = "2011"
}

@article{ParticleDataGroup:2018ovx,
    author = "Tanabashi, M. and others",
    collaboration = "Particle Data Group",
    title = "{Review of Particle Physics}",
    doi = "10.1103/PhysRevD.98.030001",
    journal = "Phys. Rev. D",
    volume = "98",
    number = "3",
    pages = "030001",
    year = "2018"
}

@article{T2K:2017hed,
    author = "Abe, K. and others",
    collaboration = "T2K",
    title = "{Combined Analysis of Neutrino and Antineutrino Oscillations at T2K}",
    eprint = "1701.00432",
    archivePrefix = "arXiv",
    primaryClass = "hep-ex",
    doi = "10.1103/PhysRevLett.118.151801",
    journal = "Phys. Rev. Lett.",
    volume = "118",
    number = "15",
    pages = "151801",
    year = "2017"
}

@article{Maki:1962mu,
    author = "Maki, Ziro and Nakagawa, Masami and Sakata, Shoichi",
    title = "{Remarks on the unified model of elementary particles}",
    doi = "10.1143/PTP.28.870",
    journal = "Prog. Theor. Phys.",
    volume = "28",
    pages = "870--880",
    year = "1962"
}

@article{Pontecorvo:1957cp,
    author = "Pontecorvo, B.",
    title = "{Mesonium and anti-mesonium}",
    journal = "Sov. Phys. JETP",
    volume = "6",
    pages = "429",
    year = "1957"
}

@Book{Raffelt:1996wa,
  author    = {Raffelt, G. G.},
  title     = {{Stars as laboratories for fundamental physics}: {The astrophysics of neutrinos, axions, and other weakly interacting particles}},
  year      = {1996},
  Publisher = {University of Chicago Press},
  isbn      = {978-0-226-70272-8},
  month     = {5},
  timestamp = {2021-06-28},
}

@Book{2012dmta.book.....B,
  author    = {Blum, Karl},
  title     = {Density Matrix Theory and Applications},
  year      = {2012},
  Publisher = {Springer},
  volume    = {64},
  doi       = {10.1007/978-3-642-20561-3},
  timestamp = {2021-06-28},
  url       = {https://ui.adsabs.harvard.edu/abs/2012dmta.book.....B},
}
